
@article{7505983/24TNAV5Z,
  author = {Coslovich, Francesco and Contento, Giorgio and Kjellberg, Martin and Janson, Carl-Erik}, 
  title = {Computations of roll motion in waves using a fully nonlinear potential flow method (doi:10.3233/978-1-61499-870-9-186)}, 
  year = {2018}, 
  journal = {NAV International Conference on Ship and Shipping Research}, 
  pages = {186-193}, 
  doi = {10.3233/978-1-61499-870-9-186}, 
  url = {https://research.chalmers.se/en/publication/507084}
}

@article{7505983/4AFVVGNT,
  author = {Ikeda, Yoshiho}, 
  title = {On eddy making component of roll damping force on naked hull}, 
  year = {1978}, 
  journal = {University of Osaka Prefacture, Department of Naval Architecture, Japan, Report No. 00403, Published in: Journal of Society of Naval Architects of Japan, Volume 142}, 
  url = {https://repository.tudelft.nl/islandora/object/uuid%3A09d79a4d-cd3d-423f-9b23-43a311096202}
}

@article{7505983/5DP3HN8F,
  author = {Alexandersson, Martin and Kjellberg, Martin}, 
  title = {KVLCC2 roll decay (doi:10.17632/2stvkyngj9.1)}, 
  year = {2021}, 
  journal = {Mendeley Data}, 
  volume = {1}, 
  doi = {10.17632/2stvkyngj9.1}, 
  url = {https://data.mendeley.com/datasets/2stvkyngj9/1}
}

@article{7505983/8YUE24LM,
  author = {Alexandersson, Martin}, 
  title = {Ikeda two-dimensional cylinders (doi:10.17632/p3r9nmtvyj.1)}, 
  year = {2021}, 
  journal = {Mendeley Data}, 
  doi = {10.17632/p3r9nmtvyj.1}, 
  url = {https://data.mendeley.com/datasets/p3r9nmtvyj/1}
}

@article{7505983/937PN5DT,
  author = {Ikeda, Yoshiho and Himeno, Yoji and Tanaka, Norio}, 
  title = {Components of Roll Damping of Ship at Forward Speed (doi:10.2534/jjasnaoe1968.1978.113)}, 
  year = {1978}, 
  journal = {Journal of the Society of Naval Architects of Japan}, 
  pages = {113-125}, 
  volume = {1978}, 
  issue = {143}, 
  doi = {10.2534/jjasnaoe1968.1978.113}, 
  url = {https://www.jstage.jst.go.jp/article/jjasnaoe1968/1978/143/1978_143_113/_article}
}

@article{7505983/9B7QMVJJ,
  author = {Coslovich, F}, 
  title = {Towards 6 Degrees of Freedom Seakeeping Simulations Using a Fully Nonlinear Potential Flow Method}, 
  pages = {64}
}

@article{7505983/ARMIRMVY,
  author = {Watanabe, Y. and Inoue, S.}, 
  title = {Calculation Method for N Value of Ship Rolling}, 
  year = {1957}, 
  journal = {T West-Japan SNA}, 
  volume = {14}
}

@article{7505983/BYNJ8CFG,
  author = {Moctar, Ould and Shigunov, Vladimir and Zorn, Tobias}, 
  title = {Duisburg Test Case: Post-Panamax Container Ship for Benchmarking (doi:10.1179/str.2012.59.3.004)}, 
  year = {2012}, 
  journal = {Ship Technology Research}, 
  pages = {50-64}, 
  volume = {59}, 
  doi = {10.1179/str.2012.59.3.004}
}

@article{7505983/CKCMI3N9,
  author = {Kato, Hiroshi}, 
  title = {On the Frictional Resistance to the Rolling of Ships (doi:10.2534/jjasnaoe1952.1957.102_115)}, 
  year = {1957}, 
  journal = {Journal of Zosen Kiokai}, 
  issue = {102}, 
  doi = {10.2534/jjasnaoe1952.1957.102_115}
}

@article{7505983/EXYJELCU,
  author = {IMO, }, 
  title = {FINALIZATION OF SECOND GENERATION INTACT STABILITY CRITERIA Draft consolidated explanatory notes for the second generation intact stability criteria Submitted by the United States}, 
  year = {2016}
}

@article{7505983/EYV6YF92,
  author = {seatrade-maritime.com, }, 
  title = {ONE Apus estimated to have lost 1,900 containers in severe weather}, 
  year = {2020}, 
  journal = {Seatrade Maritime}, 
  url = {https://www.seatrade-maritime.com/casualty/one-apus-estimated-have-lost-1900-containers-severe-weather}
}

@article{7505983/FB64RGPF,
  author = {Himeno, Yoji}, 
  title = {PREDICTION OF SHIP ROLL DAMPING - STATE OF THE ART.}, 
  year = {1981}, 
  journal = {University of Michigan Department of Naval Architecture and Marine Engineering, (Report)}, 
  issue = {239}
}

@article{7505983/FD4N3DW2,
  author = {Hess, J.L. and Smith, }, 
  title = {Calculation of Potential Flow About Arbitrary Bodies.}, 
  year = {1966}, 
  journal = {Progress in Aeronautical Science}, 
  volume = {8}, 
  issue = {Pergamon Press}
}

@article{7505983/FJHQJJUH,
  author = {S{\"o}der, Carl-Johan and Ros\'en, Anders and Werner, Sofia and Huss, Mikael and Kuttenkeuler, Jakob}, 
  title = {Assessment of Ship Roll Damping Through Full Scale and Model Scale Experiments and Semi-empirical Methods}, 
  year = {2019}, 
  journal = {Contemporary Ideas on Ship Stability: Risk of Capsizing}, 
  pages = {177-190}, 
  url = {https://doi.org/10.1007/978-3-030-00516-0_10}, 
  publisher = {Springer International Publishing}
}

@article{7505983/KAKIM2E2,
  author = {ITTC, }, 
  title = {ITTC – Recommended Procedures Numerical Estimation of Roll Damping}, 
  year = {2011}
}

@article{7505983/KL7A3RIV,
  author = {Piehl, Henry Peter}, 
  title = {Ship Roll Damping Analysis}, 
  year = {2016}, 
  journal = {University of Duisburg-Essen}, 
  publisher = {University of Duisburg-Essen}
}

@article{7505983/P4XDUMMQ,
  author = {Kjellberg, Martin}, 
  title = {Fully Nonlinear Unsteady Three-Dimensional Boundary Element Method for Ship Motions in Waves}, 
  year = {2013}, 
  journal = {Chalmers University of Technology}, 
  url = {https://research.chalmers.se/en/publication/180980}, 
  publisher = {Chalmers University of Technology}
}

@article{7505983/QMGQ76Q9,
  author = {Alexandersson, Martin and Mao, Wengang and Ringsberg, Jonas}, 
  title = {Analysis of roll damping model scale data}, 
  year = {2020}, 
  journal = {Proceedings of the International Conference on Ships and Offshore Structures}
}

@article{7505983/RWXBIIJJ,
  author = {Himeno, Yoji}, 
  title = {Prediction of ship roll damping - state of the art}, 
  year = {1981}, 
  journal = {The University of Michigan, College of Engineering, Department of Naval Architecture and Marine Engineering, USA, Report No. 239}, 
  url = {https://repository.tudelft.nl/islandora/object/uuid%3A2d4991a4-96ac-4935-b2a3-e712effd744d}
}

@article{7505983/RYUBZITQ,
  author = {Tasai, F.}, 
  title = {Equation of Ship Roll Motion}, 
  year = {1965}, 
  journal = {Res. Inst. for Appl. Mech., Kyushu Univ.,}, 
  publisher = {Res. Inst. for Appl. Mech., Kyushu Univ.,}
}

@article{7505983/T78CMTDR,
  author = {DMA, }, 
  title = {Marine Accident Report, Svendborg Maersk Heavy weather damage on 14 February 2014}, 
  year = {2014}, 
  journal = {Danish Maritime Accident Investigation Board}, 
  publisher = {Danish Maritime Accident Investigation Board}
}

@article{7505983/UGK6YEVD,
  author = {Falzarano, Jeffrey,  and Somayajula, Abhilash,  and Seah, Robert, }, 
  title = {An overview of the prediction methods for roll damping of ships (doi:10.12989/OSE.2015.5.2.055)}, 
  year = {2015}, 
  journal = {Ocean Systems Engineering}, 
  pages = {55-76}, 
  volume = {5}, 
  issue = {2}, 
  doi = {10.12989/OSE.2015.5.2.055}, 
  url = {https://doi.org/10.12989/OSE.2015.5.2.055}
}

@article{7505983/UYUAYY7E,
  author = {Journee, Johan M. J.}, 
  title = {Theoretical Manual of Strip Theory Program Seaway for Windows}, 
  year = {2003}, 
  journal = {TU Delft, Report 1370}, 
  url = {https://repository.tudelft.nl/islandora/object/uuid%3A011efdf6-1128-408e-ad80-7493013d303b}
}

@article{7505983/VN6BLE47,
  author = {Andrei, Cristian and Acomi, Nicoleta and Ancuţa, Cristian}, 
  title = {Roll motions analysis to improve ship responses in adverse weather conditions (doi:10.1117/12.2322704)}, 
  journal = {Advanced Topics in Optoelectronics, Microelectronics, and Nanotechnologies IX}, 
  pages = {109771Q}, 
  volume = {10977}, 
  doi = {10.1117/12.2322704}, 
  url = {https://www-spiedigitallibrary-org.proxy.lib.chalmers.se/conference-proceedings-of-spie/10977/109771Q/Roll-motions-analysis-to-improve-ship-responses-in-adverse-weather/10.1117/12.2322704.short}, 
  publisher = {International Society for Optics and Photonics}
}

@article{7505983/WPADAQB3,
  author = {France, William N and Levadou, Marc and Treakle, Thomas W and Paulling, J Randolph and Michel, R Keith and Moore, Colin}, 
  title = {An Investigation of Head-Sea Parametric Rolling and its Influence on Container Lashing Systems}, 
  year = {2001}, 
  journal = {SNAME Annual Meeting 2001 Presentation}, 
  pages = {24}
}

@article{7505983/ZKB494GT,
  author = {Longuet-Higgins, Michael Selwyn and Cokelet, E. D.}, 
  title = {The deformation of steep surface waves on water - I. A numerical method of computation (doi:10.1098/rspa.1976.0092)}, 
  year = {1976}, 
  journal = {Proceedings of the Royal Society of London. A. Mathematical and Physical Sciences}, 
  pages = {1-26}, 
  volume = {350}, 
  issue = {1660}, 
  doi = {10.1098/rspa.1976.0092}, 
  url = {https://royalsocietypublishing.org/doi/10.1098/rspa.1976.0092}
}
